1956 3256
196 198 388 233 annexus

245 298 398 332 centum
419 298 532 339 atque
553 294 684 338 uiginti
705 293 752 329 Vi
777 294 856 338 1013
893 303 981 329 cen-

245 349 327 381 tum
343 348 383 380 et
397 345 529 388 uiginti
545 344 568 380 J
585 346 666 388 6843
697 344 797 379 CXX
814 344 850 379 N
869 345 946 386 311.

246 396 276 431 C
293 398 333 431 et
347 395 376 430 L
393 394 447 430 Gr
463 395 520 430 21.

246 445 426 481 ducentos
443 445 706 489 quinquaginta
722 444 755 479 A
771 446 850 486 714.

246 495 403 531 CCCLX
419 495 473 531 Gr
488 495 564 537 232.

244 549 495 581 trecentorum
511 545 706 588 sexaginta
721 545 881 588 quinque
901 543 980 586 (m.)

245 595 269 631 J
284 596 363 639 401.

246 646 320 681 duo
338 647 440 681 milia
461 645 586 687 (nom.)
607 643 655 680 Vi
676 646 752 688 132;
787 644 861 679 duo
880 643 983 678 milia

251 695 334 739 (ac.)
353 696 387 731 A
403 697 484 740 3113
514 695 550 730 R
565 698 600 730 5.

246 747 317 782 tria
329 747 431 781 milia
447 746 529 787 (ac.)
545 745 568 781 J
582 745 662 788 543;
690 743 830 788 (312023
857 743 912 779 Ve
926 745 980 786 85·

245 797 359 832 trium
382 796 526 831 milium
550 798 589 830 et
613 797 872 831 sescentorum
901 793 980 836 (m.)

246 845 318 882 Cal
338 848 412 889 191.

247 898 406 941 quinque
422 896 525 930 milia
544 895 627 937 (ac.)
650 895 686 930 N
704 895 785 939 20³;
815 894 847 929 T
865 894 919 936 73·

248 957 317 983 sex
331 947 435 982 milia
455 946 538 988 (ac.)
558 946 580 981 J
598 946 674 987 543.

248 1001 395 1041 septem
409 997 511 1031 milia
530 996 655 1038 (nom.)
673 994 720 1030 Vi
738 997 810 1037 132.

247 1051 332 1083 octo
347 1048 451 1082 milia
470 1046 555 1089 (ac.)
574 1046 647 1081 Ter
663 1047 697 1080 2.

248 1098 416 1134 sedecim
447 1097 551 1132 milia
587 1096 671 1139 (ac.)
708 1096 742 1130 A
775 1096 854 1139 302;
904 1095 986 1130 XVI

247 1148 400 1183 milibus
420 1146 506 1189 (ab.)
526 1146 580 1182 Gr
596 1147 630 1182 8.

249 1199 379 1241 uiginti
398 1197 501 1232 milia
523 1197 649 1239 (nom.)
671 1195 744 1232 Tib
763 1197 824 1239 403
856 1195 987 1238 uiginti

248 1249 402 1284 milibus
438 1247 504 1290 (d.)
539 1247 561 1283 J
593 1248 676 1291 2035
722 1247 853 1289 uiginti
883 1246 986 1280 milia

253 1298 337 1340 (ac.)
362 1299 395 1333 A
416 1299 498 1342 '71³3
534 1297 569 1332 G
591 1298 649 1341 63;
683 1297 815 1340 uiginti
834 1296 986 1331 milibus

253 1348 339 1391 (ab.)
359 1349 392 1383 A
411 1349 486 1390 161.

249 1399 398 1442 triginta
411 1399 515 1433 milia
532 1397 659 1440 (nom.)
676 1397 713 1432 N
729 1398 810 1440 391;
838 1396 988 1439 triginta

253 1448 435 1491 (milibus)
464 1447 550 1490 (ab.)
575 1448 598 1483 J
620 1450 682 1491 66;
718 1447 868 1490 triginta
889 1446 987 1481 mili-

249 1499 322 1535 bus
355 1498 442 1540 (ab.)
480 1498 554 1534 Tib
590 1499 672 1541 3413
715 1496 751 1532 G
787 1498 844 1541 323
888 1496 989 1531 XXX

249 1549 402 1585 milibus
423 1548 510 1591 (ab.)
529 1547 576 1584 Cl
592 1549 669 1590 202.

250 1600 492 1643 quadraginta
511 1599 614 1633 milia
638 1598 721 1640 (ac.)
745 1597 821 1634 Tib
843 1599 900 1641 92;
934 1596 989 1632 Ve

249 1650 305 1691 64.

250 1704 517 1751 quinquaginta
532 1703 636 1738 milia
655 1702 739 1745 (ac.)
758 1703 791 1737 A
808 1704 886 1744 713.

250 1755 439 1797 octoginta
454 1754 606 1789 milibus
627 1753 713 1795 (ab.)
732 1753 755 1788 J
770 1753 848 1795 421.

251 1805 356 1839 milia
375 1808 526 1840 centum
549 1803 674 1846 (nom.)
696 1802 768 1838 Tib
787 1805 870 1846 5915
903 1812 990 1838 cen-

251 1858 334 1892 tum
349 1855 503 1890 milibus
523 1854 609 1896 (ab.)
628 1853 651 1889 J
667 1856 724 1888 66.

253 1908 404 1940 centum
431 1915 475 1940 ac
502 1905 653 1947 triginta
678 1904 783 1938 milia
812 1903 937 1945 (nom.)
967 1902 990 1937 J

252 1955 330 1996 683.

252 2008 402 2040 centum
420 2005 683 2049 quinquaginta
704 2003 837 2046 (milia)
862 2002 946 2046 (ac.)
967 2003 990 2038 J

252 2056 330 2097 413.

252 2108 403 2140 centum
427 2105 619 2148 sexaginta
640 2105 743 2139 milia
770 2103 894 2146 (nom.)
920 2102 990 2138 Cal

255 2157 317 2197 141
324 2166 333 2198 ;
370 2159 522 2191 centum
551 2154 743 2198 sexaginta
770 2154 873 2189 milia
903 2153 987 2196 (ac.)

256 2205 291 2240 N
310 2206 387 2247 313.

253 2260 498 2295 ducentorum
512 2259 657 2294 milium
674 2259 710 2294 N
728 2260 774 2294 50
779 2269 788 2302 ;
819 2258 990 2294 ducentis

252 2310 405 2345 milibus
426 2310 511 2352 (ab.)
530 2309 601 2345 Cal
617 2310 692 2351 392.

253 2361 430 2396 ttecentis
446 2361 598 2395 milibus
619 2359 705 2401 (ab.)
724 2359 757 2394 A
773 2360 830 2394 68.

253 2411 383 2454 uiginti
406 2411 653 2454 trecentisque
675 2410 827 2445 milibus
855 2408 940 2451 (ab.)
967 2408 990 2443 J

253 2462 331 2503 413.

260 2515 537 2557 †sescentorum
551 2515 697 2549 milium
713 2513 783 2549 Cal
799 2515 877 2556 441.

253 2564 351 2600 DCC
368 2566 520 2601 milibus
540 2565 625 2607 (ab.)
645 2564 698 2599 Gr
714 2566 767 2606 32.

253 2616 546 2658 octingentorum
562 2615 706 2649 milium
725 2615 758 2649 A
774 2616 852 2656 411.

253 2665 384 2699 tertiae
403 2666 572 2700 decimae
593 2665 657 2707 (a.)
676 2664 709 2699 O
729 2665 791 2706 101
798 2676 807 2707 ;
840 2664 991 2698 tertium

254 2715 442 2750 decimum
462 2715 539 2757 (m.)
560 2716 593 2749 A
609 2715 684 2755 262.

254 2769 382 2808 quarto
398 2766 543 2800 decimo
563 2764 622 2806 (m.
639 2764 710 2805 ab.)
724 2763 771 2799 Cl
785 2765 846 2806 45;
875 2763 990 2798 XIIII.

259 2815 320 2857 (m.
339 2815 410 2857 ac.)
430 2816 461 2850 A
482 2816 583 2858 1001;
615 2815 652 2849 D
672 2815 746 2855 173.

254 2866 380 2909 quinto
403 2866 547 2900 decimo
569 2865 628 2906 (m.
648 2864 719 2906 ab.)
743 2864 779 2898 D
806 2864 884 2906 173;
917 2863 991 2897 XV.

259 2915 320 2957 (m.
340 2916 410 2957 ac.)
430 2915 500 2951 Cal
516 2918 574 2959 84;
604 2915 657 2950 Ve
675 2915 728 2956 21.

981 2991 1046 3026 161

807 182 1182 222 SVETONIANVS

1606 193 1798 221 numerus

1062 296 1211 328 sextum
1238 293 1425 328 decimum
1455 292 1534 335 (m.)
1564 292 1588 328 J
1617 294 1672 336 11;
1703 292 1797 327 XVI.

1067 343 1127 384 (m.
1146 343 1216 385 ac.)
1233 342 1306 378 Tib
1323 345 1356 379 5.

1065 394 1175 428 XVII.
1197 393 1256 435 (m.
1275 394 1344 435 ac.)
1363 392 1436 428 Tib
1454 393 1531 435 731.

1064 443 1194 479 XVIII.
1213 443 1250 478 N
1267 445 1323 485 61.

1063 494 1171 529 tertio
1189 497 1227 529 et
1243 494 1421 529 uicesimo
1443 493 1504 535 (m.
1523 493 1598 535 ab.)
1616 492 1689 528 Tib
1706 492 1783 535 731.

1065 547 1193 587 quarto
1212 548 1250 579 et
1266 544 1472 579 uicensimo
1493 543 1554 585 (m.
1573 543 1645 585 ab.)
1666 543 1689 578 J
1707 543 1783 585 565.

1064 594 1233 637 quintum
1255 597 1365 638 atque
1388 594 1610 629 uicesimum
1631 593 1708 635 (m.)
1727 593 1801 628 Ter

1063 645 1278 729 {licensimo
1306 697 1345 729 et
1372 694 1536 729 secundo
1568 693 1629 736 (m.
1658 692 1731 735 ab.)
1762 692 1799 728 N

1066 743 1237 837 {Zirmm
1266 797 1305 829 et
1331 794 1588 830 tricensimum
1620 793 1699 836 (m.)
1730 792 1801 829 Cal

1066 845 1279 930 &censimo
1297 898 1336 930 et
1349 897 1480 930 octauo
1502 894 1563 936 (m.
1582 893 1654 936 ab.)
1674 893 1707 929 O
1728 895 1799 935 112.

1067 945 1183 980 altero
1208 948 1247 980 et
1270 945 1554 989 quadragesimo
1583 944 1643 986 (m.
1670 943 1742 985 ab.)
1768 943 1802 978 T

1068 997 1377 1089 ‹lulxadragensimo
1407 1046 1534 1089 quinto
1567 1044 1627 1087 (m.
1658 1043 1732 1086 ab.)
1765 1043 1803 1078 D

1069 1095 1442 1189 ‹111⁷1i1'2quagensimum
1465 1149 1503 1180 et
1526 1148 1696 1189 qum-mm
1723 1143 1801 1186 (m.)

1068 1196 1232 1281 ξεξὲοῖιεῒ
1251 1246 1580 1290 quinquagensimo
1604 1245 1664 1288 (m.
1686 1244 1759 1287 ab.)
1781 1243 1805 1280 J

1069 1297 1227 1390 {egbtimo
1249 1347 1552 1391 quinquagesimo
1578 1345 1639 1388 (m.
1662 1345 1734 1386 ab.)
1757 1343 1805 1380 Vi

1069 1397 1211 1490 ignum
1233 1450 1271 1482 et
1292 1447 1640 1491 quinquagesimum
1664 1445 1742 1488 (m.)
1768 1444 1806 1480 H

1070 1499 1306 1590 {engesimo
1323 1550 1452 1591 quarto
1473 1546 1534 1588 (m.
1551 1546 1623 1588 ab.)
1641 1545 1688 1583 Cl
1703 1547 1760 1581 45.

1073 1598 1375 1641 sexagensimum
1402 1607 1445 1632 ac
1471 1606 1613 1632 nonum
1643 1595 1722 1638 (m.)
1751 1595 1806 1631 Ve

1072 1648 1417 1741 {zbtuagensimmn
1435 1707 1478 1732 ac
1496 1697 1646 1731 tertium
1668 1695 1746 1738 (m.)
1769 1695 1806 1730 N

1072 1749 1153 1792 403;
1178 1749 1288 1783 tertio
1306 1752 1344 1783 et
1358 1748 1633 1791 septuagesimo
1654 1746 1714 1789 (m.
1732 1745 1805 1788 ab.)

1073 1798 1348 1892 gfiqttiiagesimo
1378 1851 1415 1883 et
1443 1851 1547 1883 sexto
1579 1847 1639 1890 (m.
1670 1846 1742 1889 ab.)
1772 1846 1807 1881 A

1073 1899 1204 2034 ἒεοὲαιᾷο
1220 1952 1258 1984 et
1273 1948 1547 1992 septuagesimo
1567 1947 1626 1990 (m.
1643 1947 1715 1989 ab.)
1731 1945 1805 1982 Tib

1070 2000 1336 2096 ngssagensimo
1362 2056 1401 2088 et
1425 2053 1551 2096 quinto
1582 2051 1643 2094 (m.
1671 2051 1743 2093 ab.)
1772 2050 1806 2086 Ο

1073 2105 1183 2201 ‹11111i1'1a
1199 2158 1299 2192 dena
1318 2157 1401 2199 (ac.)
1420 2156 1467 2192 οι
1486 2157 1560 2198 104.

1073 2208 1218 2251 singula
1233 2207 1335 2242 milia
1355 2206 1481 2248 (nom.)
1501 2207 1538 2241 N
1557 2206 1634 2250 112;
1663 2204 1809 2249 singula

1071 2258 1173 2292 milia
1192 2258 1276 2300 (ac.)
1294 2258 1327 2292 A
1342 2258 1418 2300 402,
1435 2257 1493 2300 46,
1512 2257 1612 2300 1012;
1641 2255 1714 2291 Tib
1729 2255 1809 2302 482.

1072 2308 1160 2342 bina
1175 2309 1277 2343 milia
1297 2307 1422 2349 (nom.)
1444 2307 1498 2342 Ve
1516 2308 1571 2350 62;
1602 2307 1690 2341 bina
1706 2306 1810 2342 milia

1076 2358 1158 2400 (ac.)
1178 2358 1200 2394 J
1217 2360 1292 2400 382·

1072 2413 1187 2448 ternis
1205 2413 1356 2447 milibus
1376 2411 1461 2454 (ab.)
1481 2411 1503 2447 J
1521 2413 1595 2453 542.

1073 2464 1205 2498 uicena
1223 2466 1402 2506 quaterna
1418 2463 1521 2496 milia
1544 2461 1626 2503 (ac.)
1648 2461 1670 2496 J
1689 2463 1766 2503 381.

1074 2514 1325 2557 quadringena
1337 2513 1439 2547 milia
1455 2512 1538 2553 (ac.)
1555 2512 1590 2546 N
1605 2512 1688 2554 203;
1714 2511 1811 2546 mili-

1073 2564 1146 2599 bus
1165 2563 1428 2607 quadringenis
1451 2562 1537 2603 (ob.)
1560 2562 1581 2597 J
1601 2563 1661 2605 333
1693 2562 1810 2605 quad-

1074 2614 1237 2657 ringenis
1252 2614 1404 2648 milibus
1424 2612 1509 2654 (ab.)
1531 2610 1579 2646 Vi
1598 2613 1672 2653 131.

1074 2664 1271 2706 octingena
1285 2664 1387 2697 milia
1406 2662 1489 2703 (αο.)
1510 2662 1545 2696 Ν
1563 2662 1637 2703 302·

1074 2717 1274 2748 centenum
1298 2713 1442 2747 milium
1463 2710 1536 2746 Tib
1561 2713 1618 2755 71;
1654 2714 1812 2746 centena

1074 2763 1177 2797 milia
1197 2762 1279 2804 (ac.)
1299 2763 1321 2797 J
1338 2763 1393 2797 57.

1075 2816 1132 2847 ter
1149 2816 1187 2847 et
1202 2813 1319 2848 uicies
1336 2813 1369 2847 A
1386 2813 1462 2854 431.

1074 2863 1138 2955 12>i5sl
1159 2866 1197 2897 et
1222 2863 1346 2898 tricies
1371 2866 1520 2897 centum
1544 2862 1648 2896 milia
1677 2860 1760 2903 (ac.)
1788 2859 1811 2895 J
