1956 3256
795 205 1102 246 PRAEFATIO

143 330 230 371 que
251 315 427 367 iterata,
452 314 585 358 semel
608 315 703 358 loco
726 328 806 358 suo
829 320 876 358 et
899 314 1061 359 iterum
1083 316 1166 359 sub
1190 315 1438 359 nominibus
1462 330 1563 359 cum
1587 315 1749 369 quibus

144 387 481 442 coniunguntur.

197 460 326 513 Quod
355 460 413 503 ad
444 459 733 513 proprietates
764 459 966 502 dictionis
997 460 1288 504 Suetonianae
1318 460 1495 512 attinet,
1519 475 1613 504 rem
1642 474 1748 504 sane
1802 499 1804 501 ,

143 532 455 585 difficillimam,
477 531 671 575 medium
691 531 1012 575 adfectatumus
1034 546 1222 584 cursum,
1245 545 1334 574 non
1356 532 1506 575 omnia
1527 533 1748 576 communi

142 604 232 648 iam
250 619 334 648 usu
352 604 620 658 optimorum
638 604 901 657 scriptorum
920 604 1028 647 satis
1048 605 1307 647 confirmata
1326 604 1577 656 adferendo,
1599 605 1676 648 sed
1695 619 1749 648 ea

143 677 398 731 praesertim
417 691 530 731 quae
549 681 596 720 et
614 690 743 719 usum
762 676 954 719 auctoris
974 676 1242 720 illustrarent
1262 681 1308 719 et
1328 682 1471 720 artem
1490 691 1579 729 qua
1600 682 1749 730 partes

141 749 459 802 sententiarum
475 749 589 792 inter
604 763 650 792 se
668 748 819 792 nectit.
867 749 965 801 Qua
982 748 1035 792 de
1053 763 1184 792 causa
1201 748 1511 792 aduerbiorum
1527 754 1748 802 tempora-

142 820 262 874 lium,
289 821 658 874 coniunctionum,
686 821 1072 874 praepositionum,
1099 821 1405 874 pronominum
1430 835 1534 864 usus
1559 821 1748 864 uarieta-

141 898 234 938 tem
250 893 513 947 distinguere
530 893 720 947 adgressi
737 907 888 936 sumus
903 908 983 936 nec
999 893 1143 936 minus
1160 893 1357 937 ordinem
1373 893 1748 936 distributionem-

142 979 227 1020 que
244 966 402 1009 horum
420 966 666 1018 uerbomm,
687 965 816 1009 ueriti
834 966 970 1009 etiam
989 980 1043 1009 ne
1062 966 1278 1018 indigesta
1296 966 1431 1009 moles
1449 966 1748 1019 exemplorum

141 1037 369 1082 fastidium
386 1043 565 1082 tantum
583 1043 793 1090 moueret,
817 1053 896 1081 nec
915 1038 1012 1081 usui
1032 1038 1160 1081 alicui
1180 1038 1377 1081 seruiret.

197 1110 411 1154 Omnibus
426 1111 502 1164 qui
517 1124 597 1154 nos
613 1110 658 1152 in
674 1110 814 1153 indioe
830 1111 999 1154 edendo
1015 1116 1095 1154 aut
1111 1111 1289 1154 consilio
1306 1116 1385 1154 aut
1402 1124 1534 1164 opera
1551 1110 1747 1153 censoria

141 1187 222 1227 aut
244 1182 405 1236 alioqui
429 1182 694 1226 adiuuarunt
717 1183 879 1235 gratias
901 1183 1113 1226 maximas
1136 1183 1317 1235 agimus,
1342 1183 1597 1236 praesertim
1621 1182 1747 1226 colle-

142 1254 208 1308 gis
224 1255 385 1298 nostris
403 1255 457 1298 G.
477 1255 526 1298 L.
546 1255 794 1308 Kittredge‚
813 1256 853 1297 J.
874 1256 931 1297 D.
951 1256 1019 1298 M.
1039 1255 1168 1307 Ford,
1188 1256 1240 1297 E.
1261 1255 1318 1297 K.
1339 1255 1482 1307 Rand,
1502 1269 1583 1298 nec
1601 1255 1746 1298 minus

142 1327 451 1380 Typographei
481 1327 741 1370 Academiae
774 1327 1106 1370 Haruardianae
1141 1327 1429 1380 antistitibus,
1465 1327 1541 1381 qui
1573 1341 1747 1371 summa

143 1398 404 1443 liberalitate
422 1403 626 1452 sumptus
644 1399 773 1442 huius
792 1399 891 1442 libri
910 1405 1206 1453 susceperunt.

1019 1517 1261 1559 Annnn'rvs
1286 1517 1507 1560 ANDREAS
1533 1517 1745 1560 HowARn

1023 1589 1237 1632 CAROLvs
1261 1590 1468 1632 annm,
1493 1590 1701 1632 JACKSON

140 1734 452 1782 cim-mmmm,
471 1736 938 1774 Mmcnusnmusmu

241 1797 313 1823 111.
331 1795 399 1824 m.
412 1798 482 1824 nec.
498 1798 574 1824 an.
593 1798 752 1825 uncecc
760 1799 849 1824 xxn
