1956 3256
736 565 1175 620 PRAEFATIO

153 727 450 770 Dzsmnm1
473 725 599 768 nobis
621 724 741 768 uisus
764 729 832 767 est
855 728 1114 777 conspectus
1138 723 1290 776 plenus
1314 727 1448 776 atque
1473 723 1640 775 integer
1662 738 1758 766 uer-

153 799 310 843 borum
323 790 419 841 'Gai
443 797 624 841 Suetoni
647 796 889 850 Tranquilli
915 802 1059 840 certae
1085 796 1185 839 fidei
1210 810 1391 848 operum
1415 795 1474 838 ad
1498 795 1758 838 recentiores

152 870 366 916 editiones
391 870 582 913 auctoris
607 869 977 920 accommodatus,
1005 869 1082 922 qui
1106 874 1153 911 et
1179 868 1358 910 curiosis
1383 867 1566 911 Suetoni
1592 868 1758 920 generis

154 943 326 987 dicendi
339 947 387 986 et
400 942 606 985 historiae
621 941 828 984 studiosis
841 941 1028 984 fortasse
1044 941 1142 983 usui
1156 945 1284 983 esset.
1330 940 1481 983 Priora
1494 940 1611 982 enim
1626 954 1759 993 opera

153 1015 283 1059 huius
310 1015 431 1058 modi
460 1014 662 1068 quamuis
691 1013 975 1067 praestantia,
1008 1013 1227 1056 delectum
1255 1017 1434 1055 tantum
1461 1012 1759 1065 exemplorum

154 1087 381 1142 praebent,
415 1092 462 1130 et
495 1087 553 1130 ad
586 1087 718 1129 fidem
750 1086 1043 1129 uetustiorum
1075 1085 1319 1128 editionum
1352 1085 1553 1128 confecta
1585 1084 1759 1137 saepius

154 1159 348 1203 uirorum
375 1159 605 1202 doctorum
631 1158 902 1202 coniecturas
928 1164 1008 1201 aut
1035 1157 1301 1201 deteriorum
1327 1157 1526 1200 codicum
1552 1157 1759 1201 lectiones

153 1232 377 1275 exhibent.

212 1304 407 1347 Indioem
425 1303 557 1356 igitur
573 1303 838 1346 confecimus
854 1303 1050 1345 uitarum
1067 1301 1297 1345 duodecim
1314 1302 1567 1353 Caesarum,
1586 1306 1759 1344 textum

154 1376 294 1420 secuti
314 1375 518 1419 editionis
539 1375 716 1418 maioris
737 1375 1030 1418 Maximiliani
1054 1375 1166 1427 Ihm,
1191 1375 1260 1417 cui
1282 1374 1530 1417 addidimus
1552 1374 1760 1417 lectiones

155 1448 399 1492 libellorum
422 1449 475 1491 de
498 1447 808 1491 Grammaticis
829 1452 875 1490 et
898 1447 952 1490 de
975 1447 1242 1490 Rhetoribus
1263 1446 1543 1500 uitarumque
1565 1446 1757 1499 Terenti,

156 1520 329 1573 Horati,
361 1520 525 1563 Lucani
554 1534 607 1563 ex
635 1519 826 1563 editione
858 1520 1004 1562 Caroli
1034 1519 1170 1572 Roth,
1192 1521 1336 1572 'quam
1364 1519 1549 1563 editioni
1578 1519 1761 1562 Reiffer-

154 1593 430 1637 scheidianae
449 1593 735 1646 praetulimus
753 1597 805 1635 ut
825 1592 1002 1645 propius
1020 1593 1077 1635 ad
1097 1593 1295 1635 codicum
1314 1592 1446 1635 fidem
1464 1592 1758 1634 accedentem.

155 1665 367 1719 Exempla
393 1665 541 1708 omnia
566 1665 774 1718 cuiusque
800 1665 926 1708 uerbi
952 1665 997 1706 in
1023 1665 1090 1707 his
1117 1664 1319 1718 operibus
1345 1663 1508 1717 reperti
1539 1664 1584 1706 in
1619 1664 1759 1707 indice

156 1738 421 1782 notauimus.
465 1738 625 1781 Cetera
637 1742 841 1790 excerpta
853 1742 900 1780 et
912 1737 1161 1789 fragmenta
1174 1737 1304 1789 uulgo
1319 1736 1528 1779 Suetonio
1542 1737 1761 1779 attributa

156 1809 389 1854 incertiora
411 1824 503 1854 esse
529 1810 730 1852 duximus
754 1824 888 1863 quam
911 1814 964 1852 ut
988 1809 1173 1853 fidenter
1196 1809 1335 1862 accipi
1359 1809 1582 1860 deberent,
1608 1823 1762 1862 quam-

155 1896 292 1936 quam
318 1883 412 1926 sine
441 1882 574 1925 dubio
603 1882 808 1935 pleraque
837 1881 882 1924 in
911 1881 962 1924 iis
991 1882 1271 1925 continentur
1297 1895 1351 1924 ex
1377 1881 1550 1934 scriptis
1578 1880 1762 1924 Suetoni

157 1954 363 2007 delibata,
384 1969 463 1998 nec
482 1969 509 1997 a
528 1969 682 2007 genere
700 1954 793 1997 eius
813 1953 983 1997 dicendi
1003 1954 1131 2007 plane
1150 1954 1445 1997 abhorrentia.

99 2086 101 2089 ยน
213 2027 423 2080 Capitum
450 2026 805 2071 distributionem
830 2026 1034 2069 editionis
1061 2027 1286 2070 Ihmianae
1313 2026 1359 2068 in
1385 2026 1489 2069 uitis
1521 2026 1761 2070 Caesarum

156 2099 426 2142 excutiendis
454 2099 726 2142 seruauimus
755 2099 1032 2152 numerisqffl
1062 2099 1314 2142 minusculis
1344 2099 1540 2151 capitum
1570 2098 1762 2141 numeris

157 2171 400 2214 subiunctis
437 2171 674 2224 particulas
712 2170 1014 2214 indicauimus.
1081 2171 1310 2213 Minorum
1347 2185 1528 2223 operum
1566 2170 1762 2223 capitum

159 2242 514 2287 distributionem
554 2243 636 2296 ipsi
677 2242 955 2295 confecimus,
997 2242 1120 2286 cuius
1161 2248 1442 2296 conspectum
1482 2243 1540 2286 ad
1581 2242 1762 2296 paginas

157 2315 361 2359 editionis
374 2315 621 2358 Rothianae
637 2315 837 2358 conlatae
849 2315 907 2358 ad
922 2315 1052 2358 finem
1067 2315 1195 2358 huius
1211 2315 1496 2368 praefationis
1510 2315 1760 2358 adiecimus.

214 2387 428 2431 Codicum
444 2387 770 2440 auctoritatem,
789 2401 1058 2441 quamquam
1075 2388 1132 2430 ad
1148 2402 1330 2430 manum
1346 2388 1472 2430 nobis
1488 2393 1616 2430 erant
1633 2387 1762 2430 colla-

159 2459 302 2503 tiones
323 2459 522 2514 propriae
544 2460 740 2503 omnium
762 2460 820 2502 ab
842 2460 941 2502 Ihm
963 2460 1262 2503 adhibitorum
1284 2460 1556 2513 aliorumque
1578 2459 1763 2502 nonnul-

159 2531 315 2584 lorum,
344 2533 458 2575 sicut
486 2532 857 2584 Cantabrigiensis
885 2532 960 2574 Kk
987 2534 1028 2584 5,
1059 2534 1126 2584 24,
1158 2532 1465 2575 Dunelmensis
1494 2532 1545 2575 C.
1576 2532 1662 2574 III.
1695 2533 1760 2583 18,

160 2603 432 2647 Sionensium
453 2604 653 2656 duorum,
676 2604 993 2647 Suaesionemis
1019 2606 1082 2656 19,
1104 2604 1387 2647 Laurentiani
1407 2606 1475 2655 64,
1498 2605 1539 2655 8,
1561 2604 1643 2646 nisi
1665 2618 1762 2656 par-

160 2675 252 2719 cius
268 2690 356 2719 non
375 2676 688 2728 inuocauimus,
706 2690 761 2719 ne
786 2676 895 2720 liber
914 2676 992 2719 tali
1013 2676 1199 2720 materia
1218 2676 1547 2720 immoderatius
1564 2689 1763 2719 onerare-

159 2751 247 2791 tur.
282 2748 553 2792 Consensum
571 2754 721 2792 tamen
738 2748 935 2791 codicum
952 2748 1010 2791 ab
1026 2748 1266 2791 editoribus
1283 2748 1491 2791 reiectum
1509 2748 1762 2801 plerumque

161 2818 495 2873 designauimus,
531 2825 610 2863 aut
648 2834 847 2874 expresse
888 2825 970 2863 aut
1011 2834 1087 2873 per
1126 2820 1360 2862 formulam
1397 2819 1614 2863 scribendi
1648 2819 1763 2862 infra

162 2890 395 2944 depictam.
