1956 3256
807 167 1113 209 PRAEFATIO

218 278 468 322 Formulam
490 278 791 332 rationemque
812 277 1027 321 scribendi
1049 278 1107 322 ab
1129 278 1229 321 Ihm
1251 277 1503 322 institutam
1524 277 1762 322 custodiui-

161 365 273 404 mus,
294 350 490 403 retentis,
510 364 599 404 quo
617 349 771 394 melius
790 350 1156 404 praestantiorum
1176 350 1374 394 codicum
1392 350 1598 395 lectiones
1617 355 1763 395 osten·

162 424 384 475 derentur,
406 422 530 466 uncis
549 427 596 466 et
616 422 843 476 quadratis
862 428 910 466 et
930 422 1119 466 hamatis
1140 422 1300 476 quibus
1320 422 1569 466 indicantur
1588 422 1761 467 litterae

161 497 383 550 uerbaque
413 500 493 539 aut
523 494 769 539 omittenda
798 500 879 538 aut
908 495 966 538 ab
995 495 1162 539 editore
1190 495 1407 549 suppleta,
1439 509 1554 548 quae
1583 494 1762 548 quidem

161 568 377 613 scribendi
397 567 511 611 ratio
530 567 662 611 indici
682 567 808 611 nobis
828 567 975 620 potius
993 581 1127 621 quam
1147 567 1289 611 textui
1307 567 1512 612 editionis
1531 566 1762 611 conuenire

162 641 350 686 uidetur.
402 640 568 684 Eadem
591 640 645 684 de
667 653 798 683 causa
819 639 1057 683 uarietates
1077 639 1412 693 orthographiae
1433 639 1596 693 ubique
1617 643 1763 683 osten-

163 713 320 766 dimus,
340 713 513 756 etiamsi
533 712 606 755 uix
623 712 747 755 nobis
764 712 967 756 credibile
983 712 1159 755 uidetur
1174 711 1432 756 Suetonium
1448 711 1607 765 ipsum,
1621 724 1763 765 gram-

161 785 349 830 maticae
380 784 528 828 studio
559 784 771 836 deditum,
803 784 868 828 ita
898 784 943 827 in
973 784 1201 827 scribendo
1232 783 1422 828 uariasse
1452 788 1506 828 ut
1535 783 1762 837 plerasque

162 859 327 902 formas
343 857 538 900 eiusdem
556 857 679 900 uerbi
698 856 972 900 usitatissimi
991 855 1225 909 usurparit.

218 930 411 973 Nomina
424 929 599 983 propria
612 943 799 983 quorum
812 929 977 972 formae
990 934 1038 972 et
1050 929 1192 972 titulis
1204 933 1252 972 et
1264 942 1348 971 usu
1360 928 1644 972 confirmatae
1656 931 1764 971 sunt

162 1003 390 1057 aliquanto
408 1002 584 1045 liberius
602 1001 904 1053 tractauimus,
925 1001 970 1044 id
987 1006 1056 1044 est
1074 1000 1243 1044 omissis
1261 1000 1398 1053 uncis,
1416 999 1603 1054 exempli
1620 999 1764 1054 gratia

163 1090 322 1119 nomen
349 1074 642 1126 Ahenobarbi,
672 1073 792 1127 quod
818 1073 951 1116 semel
978 1077 1157 1116 tantum
1184 1073 1227 1115 in
1257 1073 1403 1117 codice
1432 1072 1706 1116 Memmiano
1731 1071 1763 1116 h

163 1148 356 1191 litteram
379 1146 569 1198 exhibet,
596 1146 640 1188 in
665 1146 820 1189 ceteris
843 1145 1064 1189 codicibus
1086 1159 1317 1198 nusquam.
1370 1144 1578 1188 Similiter
1599 1144 1764 1187 formas

163 1220 393 1263 nonnullas
410 1218 454 1261 in
471 1223 598 1261 textu
618 1217 854 1270 RothianO,
875 1217 989 1261 sicut
1018 1217 1264 1266 adolescens,
1286 1216 1476 1271 epistola,
1498 1215 1764 1270 negleximus

163 1293 464 1345 rationemque
481 1290 684 1333 editionis
704 1290 927 1334 lhmianae
946 1296 1172 1334 seruantes
1188 1290 1246 1333 ad
1264 1290 1547 1334 recentiorem
1564 1301 1764 1332 normam

163 1378 315 1409 omnes
332 1363 646 1407 reuocauimus.

220 1436 425 1480 Numeris
441 1435 659 1478 inclinatis
674 1449 727 1478 ea
743 1434 1031 1479 iudicauimus
1045 1449 1158 1488 quae
1176 1439 1297 1478 recta
1311 1433 1507 1478 oratione
1522 1446 1577 1477 ex
1591 1431 1765 1486 scriptis

162 1515 243 1554 aut
264 1507 555 1552 locutionibus
576 1507 761 1550 aliorum
782 1522 810 1551 a
830 1498 1039 1551 Suetonio
1061 1507 1211 1550 adlata
1226 1511 1345 1559 sunt,
1362 1506 1439 1550 sed
1458 1510 1506 1549 et
1525 1505 1662 1548 uerba
1676 1504 1764 1548 sin-

163 1582 265 1637 gula
284 1580 493 1624 nonnulla
512 1594 625 1634 quae
646 1579 741 1622 aliis
760 1580 978 1623 attributa
997 1579 1206 1623 Suetonio
1226 1579 1308 1632 ipsi
1328 1578 1471 1622 aliena
1488 1582 1612 1630 sunt;
1649 1590 1763 1631 quae

163 1660 313 1698 autem
341 1653 538 1697 oratione
565 1652 744 1705 obliqua
772 1652 815 1694 in
843 1657 968 1696 textu
994 1651 1310 1705 exprimuntur,
1339 1656 1391 1694 ut
1417 1650 1601 1693 fortasse
1627 1649 1765 1693 uerba

162 1727 353 1771 auctoris
377 1725 512 1780 ipsius
535 1725 719 1767 aliorum
742 1724 983 1768 sententias
1007 1723 1336 1777 interpretantis
1359 1722 1618 1776 accepimus,
1642 1734 1765 1775 prae-

162 1799 314 1844 sertim
335 1813 434 1842 cum
457 1797 789 1841 adnotassemus
809 1796 983 1840 easdem
1004 1796 1244 1840 sententias
1265 1795 1385 1849 apud
1405 1795 1512 1838 alios
1532 1793 1765 1848 scriptores

163 1873 336 1916 adlatas
355 1876 435 1914 aut
453 1869 597 1913 uerbis
616 1875 695 1912 aut
714 1868 863 1912 ordine
883 1869 1115 1912 uerborum
1136 1867 1250 1912 inter
1267 1882 1313 1911 se
1333 1867 1588 1920 discrepare.

221 1945 439 1988 Numeros
458 1942 533 1995 qui
554 1941 698 1985 uerbis
718 1941 896 1995 singulis
915 1941 960 1983 in
980 1946 1106 1984 textu
1123 1940 1438 1994 exprimuntur,
1457 1938 1592 1983 etiam
1611 1937 1765 1983 aduer-

164 2017 238 2060 bia
251 2017 366 2060 sicut
382 2015 532 2063 tricies,
552 2013 705 2066 milies,
725 2019 773 2057 et
786 2013 956 2065 similia,
973 2027 1085 2068 quae
1100 2012 1249 2056 omnia
1261 2012 1353 2056 fere
1368 2025 1446 2065 per
1460 2010 1765 2065 compendium

163 2089 426 2140 scribuntur,
458 2087 547 2131 suis
579 2086 683 2129 locis
714 2085 759 2128 in
791 2085 932 2129 indice
964 2085 1308 2138 adsignauimus;
1354 2089 1521 2128 ceteros
1551 2083 1597 2126 in
1627 2096 1766 2127 unum

165 2162 360 2205 conlatos
379 2160 463 2204 sub
481 2160 618 2203 uerbo
636 2171 838 2201 numerus
856 2157 1167 2202 ordinauimus.

220 2235 389 2277 Graeca
418 2238 591 2286 praeter
620 2231 757 2274 uerba
785 2230 955 2284 singula
984 2244 1096 2284 quae
1128 2229 1246 2283 apud
1275 2227 1534 2272 Suetonium
1562 2227 1768 2281 leguntur

164 2320 357 2350 seorsum
377 2305 434 2348 ad
453 2305 583 2347 finem
604 2302 756 2346 indicis
776 2302 1055 2356 protulimus;
1090 2301 1197 2344 nihil
1216 2301 1393 2355 quidem
1412 2300 1469 2343 ad
1488 2314 1615 2343 usum
1635 2298 1767 2353 perti·

165 2383 272 2423 nent
300 2376 494 2428 Suetoni,
525 2375 621 2429 puri
649 2374 859 2418 sermonis
886 2373 1109 2424 amatoris,
1139 2373 1215 2427 qui
1242 2372 1316 2416 uix
1342 2386 1479 2415 unum
1504 2377 1553 2415 et
1579 2371 1766 2415 alterum

165 2451 349 2495 uerbum
369 2449 586 2493 Graecum
609 2447 775 2491 Latinis
797 2446 959 2498 inserit,
982 2460 1060 2489 nec
1081 2445 1187 2488 illud
1207 2450 1256 2488 ut
1278 2443 1554 2498 cogitationis
1573 2443 1766 2487 laborem

164 2524 388 2576 effugeret.
448 2521 591 2564 Verba
609 2519 779 2572 singula
798 2518 966 2562 Graeca
985 2518 1028 2561 in
1050 2517 1189 2561 indice
1208 2516 1479 2560 ordinantur.

222 2595 359 2646 Acies,
400 2593 525 2645 bella,
565 2591 722 2642 clades,
761 2590 954 2642 flumina,
994 2595 1157 2643 gentes,
1198 2589 1375 2640 insulae,
1413 2588 1541 2641 leges,
1579 2592 1764 2639 montes,

167 2667 345 2721 templa,
368 2665 591 2719 triumphi,
613 2663 835 2715 uictoriae,
856 2663 1081 2716 multaque
1099 2661 1311 2705 eiusmodi
1330 2660 1510 2704 nomina
1527 2664 1607 2703 aut
1625 2658 1767 2703 adiee-

168 2740 272 2783 tiuis
296 2738 479 2793 propriis
503 2743 582 2780 aut
605 2736 700 2779 aliis
724 2734 892 2778 indiciis
916 2739 1072 2778 notata
1094 2734 1177 2777 sub
1200 2732 1344 2776 uerbis
1366 2734 1489 2784 acies,
1514 2732 1677 2783 bellum,
1702 2745 1767 2775 re-

168 2811 382 2865 liquiscme
407 2810 610 2853 ordinata
634 2808 926 2859 inuenientur;
965 2806 1083 2850 tituli
1108 2805 1314 2849 librorum
1338 2805 1421 2847 sub
1443 2803 1577 2847 uerbo
1600 2803 1767 2854 titulun

169 2884 348 2926 nomina
362 2881 535 2936 propria
548 2881 631 2924 sub
645 2879 892 2923 nominibus
905 2877 1117 2931 gentilicis
1125 2892 1135 2930 ;
1162 2876 1381 2920 adiectiua
1394 2875 1568 2930 propria
1581 2875 1766 2928 plerum-
