1956 3256
318 501 592 541 MINORVM
622 501 852 541 OPERVM
884 502 1132 542 CAPITVM
1163 502 1516 542 DISTRIBVTIO
1547 502 1624 542 AD

599 570 834 610 PAGINAS
865 570 1060 610 ROTHII
1091 570 1346 611 CONLATA

369 691 431 731 De
448 690 728 731 Grammaticis

492 749 532 791 3,
582 748 668 795 258,
699 749 744 786 14
796 746 966 786 Posthac
984 746 1108 796 magis

491 804 532 847 4,
581 803 668 851 259,
719 804 744 842 9
795 803 956 842 Veteres
973 802 1219 851 grammatici

492 860 532 903 9,
582 859 668 907 261,
699 860 745 897 12
795 859 853 897 Ac
870 871 919 897 ne
938 858 1158 907 principum

471 916 532 958 10,
582 915 669 962 261,
695 916 743 954 37
797 914 985 963 Philologi
1003 914 1308 964 appellationem

471 972 532 1013 11,
581 971 669 1018 262,
695 972 746 1010 30
795 970 903 1009 Vixit
920 970 971 1009 ad
989 975 1206 1010 extremam

467 1027 532 1069 23,
581 1027 669 1074 266,
696 1027 745 1065 28
795 1025 1031 1074 Arrogantia
1047 1026 1126 1066 fuit

369 1114 431 1153 De
449 1113 690 1154 Rhetoribus

496 1173 532 1214 1,
582 1171 669 1219 268,
699 1172 746 1209 10
798 1170 859 1209 De
876 1169 1023 1210 eisdem

496 1228 534 1271 1,
583 1227 670 1274 268,
697 1227 746 1264 22
798 1225 996 1265 Paulatim
1012 1229 1055 1265 et

496 1284 532 1325 14
582 1283 669 1330 269,
721 1283 745 1321 6
796 1281 873 1321 sed
891 1282 992 1321 ratio

496 1339 535 1381 1.
585 1339 671 1386 269,
702 1339 753 1377 18’
797 1338 958 1377 Veteres
977 1337 1265 1377 controuersiae

497 1395 533 1437 1.
582 1394 669 1441 269,
696 1394 744 1432 24
796 1393 958 1432 Aestiuo
977 1397 1154 1442 tempore

497 1451 532 1492 17
582 1450 669 1497 269,
696 1451 746 1489 30
796 1449 970 1488 Venalici
989 1461 1079 1488 cum

493 1506 533 1549 6,
583 1506 670 1553 271,
700 1506 747 1544 18
797 1505 890 1553 Egit
906 1509 949 1544 et
967 1517 1104 1544 causas

492 1562 535 1606 6,
584 1562 671 1609 271,
698 1562 747 1600 26
798 1561 853 1600 Et-
870 1573 1002 1600 rursus

368 1649 463 1690 Vita
479 1650 640 1690 Terenti

497 1709 532 1750 1,
583 1707 670 1754 292,
726 1708 744 1745 1
798 1705 960 1745 Publius
977 1705 1186 1745 Terentius
1202 1705 1298 1745 Afer

498 1764 533 1806 1,
583 1763 670 1810 292,
722 1763 747 1801 9
798 1761 874 1800 Hic
893 1773 982 1800 cum
1000 1761 1136 1801 multis

494 1819 518 1856 2
583 1818 671 1866 292,
698 1819 748 1857 28
797 1817 960 1866 Scripsit
979 1816 1200 1857 comoedias

494 1876 532 1918 32
583 1874 670 1922 293,
723 1876 747 1913 5
798 1874 890 1912 Non
908 1873 1076 1912 obscura

494 1931 534 1973 32
584 1930 670 1978 293,
701 1932 747 1969 15
799 1928 965 1968 Videtur
981 1932 1116 1968 autem

494 1987 536 2031 3,
585 1986 672 2033 293,
699 1986 749 2024 28
799 1984 942 2024 Santra
960 1984 1190 2024 Terentium

494 2042 532 2084 4ι
584 2042 672 2089 293,
698 2042 748 2081 36
800 2041 895 2080 Post
912 2039 1039 2079 editas
1058 2038 1278 2079 comoedias

494 2098 535 2141 4,
584 2098 672 2145 294,
723 2098 748 2137 3
800 2096 861 2135 De
879 2101 1006 2135 morte
1022 2095 1107 2135 eius

495 2154 533 2197 51
585 2154 672 2201 294,
702 2154 747 2191 14
800 2151 933 2191 Fuisse
951 2151 1097 2191 dicitur

496 2210 536 2252 5,
585 2209 672 2257 294,
699 2209 749 2246 22
800 2208 918 2247 Hunc
935 2207 1121 2247 Afranius

371 2296 467 2337 Vita
484 2297 627 2336 Horati

499 2355 533 2397 11
585 2354 671 2401 297,
723 2354 747 2393 3
798 2351 845 2400 Q.
865 2350 1057 2391 Horatius
1075 2350 1237 2390 Flaccus

499 2411 535 2452 1,
585 2409 671 2456 297,
699 2409 747 2447 24
799 2408 951 2446 Extant
967 2406 1159 2455 epistulae

500 2467 537 2510 1,
587 2464 673 2512 297,
700 2465 750 2504 35
800 2462 955 2512 Scripta
972 2461 1132 2511 quidem

496 2520 521 2557 2
585 2520 672 2568 298,
703 2520 749 2558 12
800 2518 953 2558 Habitu
972 2517 1143 2567 corporis

496 2578 520 2615 3
586 2576 672 2624 298,
700 2576 749 2614 20
800 2574 862 2614 Ad
880 2586 940 2613 res
958 2572 1144 2613 venerias

495 2633 519 2670 4
586 2631 672 2679 298,
700 2631 750 2670 28
800 2631 932 2670 Natus
948 2634 1010 2669 est

372 2719 466 2760 Vita
484 2719 633 2759 Lucani

501 2778 534 2820 ln
586 2776 673 2823 299,
704 2776 750 2815 10
802 2774 862 2814 Μ.
881 2775 1067 2814 Annaeus
1084 2773 1266 2813 Lucanus

501 2834 536 2875 1,
586 2832 673 2879 299,
700 2832 750 2870 20
801 2830 877 2870 Hic
894 2829 1007 2869 initio

500 2889 538 2933 1,
587 2888 673 2935 299,
699 2887 750 2927 32
800 2885 863 2925 Ad
879 2890 1098 2925 extremum
